<?xml version="1.0" encoding="UTF-8"?><collection xmlns="http://www.loc.gov/MARC21/slim"><record><leader>00582nam--2200181-i-4500</leader><controlfield tag="001">000014450</controlfield><controlfield tag="002">20161230</controlfield><controlfield tag="005">20161230201030</controlfield><controlfield tag="008">060222s1000------------r-----000-0-fre-d</controlfield><datafield ind1=" " ind2=" " tag="040"><subfield code="a">IFIN-HH</subfield></datafield><datafield ind1=" " ind2=" " tag="041"><subfield code="a">fre</subfield></datafield><datafield ind1=" " ind2=" " tag="080"><subfield code="a">539.12.162.8. 539.171.016(043)</subfield></datafield><datafield ind1="1" ind2=" " tag="100"><subfield code="a">Azaiez, Hamza</subfield></datafield><datafield ind1="1" ind2="0" tag="245"><subfield code="a">Methode de detection de la diffusion elastique dans le region d interference coulombienne : cible a scintillation</subfield><subfield code="b">These</subfield><subfield code="c">Hamza azaiez</subfield></datafield><datafield ind1=" " ind2=" " tag="260"><subfield code="a">Grenoble</subfield><subfield code="b">Universite Scientifique Et Medicale</subfield><subfield code="c">1980</subfield></datafield><datafield ind1=" " ind2=" " tag="300"><subfield code="a">46 + FIG</subfield></datafield><datafield ind1=" " ind2=" " tag="852"><subfield code="a">71104</subfield><subfield code="c">539.12</subfield></datafield><datafield ind1=" " ind2=" " tag="CAT"><subfield code="a">Sys</subfield><subfield code="c">20120109</subfield><subfield code="h">143429</subfield></datafield></record></collection>